% This file was created with JabRef 2.10b2.
% Encoding: UTF-8


@InProceedings{Piccardi2004,
  Title                    = {Background subtraction techniques: a review},
  Author                   = {Piccardi, M.},
  Booktitle                = {Systems, Man and Cybernetics, 2004 IEEE International Conference on},
  Year                     = {2004},
  Month                    = {Oct},
  Pages                    = {3099-3104 vol.4},
  Volume                   = {4},

  Doi                      = {10.1109/ICSMC.2004.1400815},
  ISSN                     = {1062-922X},
  Keywords                 = {feature extraction;image motion analysis;object detection;background density estimation;background subtraction technique;object detection;spatial correlation;static cameras;Australia;Cameras;Computer vision;Filters;Geometry;Information technology;Layout;Object detection;Subtraction techniques;Videos},
  Owner                    = {hawkinsw},
  Timestamp                = {2015.04.28}
}

